
@incollection{orourke2017,
	edition = {3},
	title = {Chapter 33: {Visibility}},
	isbn = {978-1-315-11960-1},
	shorttitle = {Chapter 33},
	abstract = {In a geometric context, two objects are “visible” to each other if there is a line segment connecting them that does not cross any obstacles. Over 500 papers have been published on aspects of visibility in computational geometry in the last},
	booktitle = {Handbook of {Discrete} and {Computational} {Geometry}},
	publisher = {Chapman and Hall/CRC},
	author = {O’Rourke, Joseph},
	year = {2017},
	note = {Num Pages: 22},
}
